@book{Helmbrecht.2001,
 author = {Helmbrecht, Dieter},
 year = {2001},
 title = {{L}eben mit {F}arben: {W}ie {F}arben unser {L}eben beeinflussen},
 address = {Braunschweig},
 edition = {2},
 publisher = {Musterverlag}
}


@article{Meier.2012,
 author = {Meier, Susanne and Niederhuber, Stephan and Lachner, Sybille},
 year = {2012},
 title = {{A}uswirkungen der {F}arbe rot auf den {G}em{\"u}tszustand von {E}rwachsenen},
 pages = {12--16},
 volume = {23},
 number = {56},
 journal = {Journal der psychologischen Wirkung von Farben}
}


